@inproceedings{DBLP:conf/usenix/LachaizeLQ12,
  author    = {Renaud Lachaize and
               Baptiste Lepers and
               Vivien Qu{\'{e}}ma},
  editor    = {Gernot Heiser and
               Wilson C. Hsieh},
  title     = {MemProf: {A} Memory Profiler for {NUMA} Multicore Systems},
  booktitle = {2012 {USENIX} Annual Technical Conference, Boston, MA, USA, June 13-15,
               2012},
  pages     = {53--64},
  publisher = {{USENIX} Association},
  year      = {2012},
  url       = {https://www.usenix.org/conference/atc12/technical-sessions/presentation/lachaize},
  timestamp = {Wed, 04 Jul 2018 13:06:34 +0200},
  biburl    = {https://dblp.org/rec/conf/usenix/LachaizeLQ12.bib},
  bibsource = {dblp computer science bibliography, https://dblp.org}
}

@inproceedings{DBLP:conf/europar/ValatB18,
  author    = {S{\'{e}}bastien Valat and
               Othman Bouizi},
  editor    = {Gabriele Mencagli and
               Dora B. Heras and
               Valeria Cardellini and
               Emiliano Casalicchio and
               Emmanuel Jeannot and
               Felix Wolf and
               Antonio Salis and
               Claudio Schifanella and
               Ravi Reddy Manumachu and
               Laura Ricci and
               Marco Beccuti and
               Laura Antonelli and
               Jos{\'{e}} Daniel Garc{\'{\i}}a S{\'{a}}nchez and
               Stephen L. Scott},
  title     = {NUMAPROF, {A} {NUMA} Memory Profiler},
  booktitle = {Euro-Par 2018: Parallel Processing Workshops - Euro-Par 2018 International
               Workshops, Turin, Italy, August 27-28, 2018, Revised Selected Papers},
  series    = {Lecture Notes in Computer Science},
  volume    = {11339},
  pages     = {159--170},
  publisher = {Springer},
  year      = {2018},
  url       = {https://doi.org/10.1007/978-3-030-10549-5\_13},
  doi       = {10.1007/978-3-030-10549-5\_13},
  timestamp = {Fri, 27 Dec 2019 21:26:53 +0100},
  biburl    = {https://dblp.org/rec/conf/europar/ValatB18.bib},
  bibsource = {dblp computer science bibliography, https://dblp.org}
}