%% example.bib
%% Jeremy Singer
%% 16 Oct 2012

@article{turing37computable,
 author = "Alan M. Turing",
 title = "On computable numbers, with an application to the Entscheidungsproblem",
 journal = "Proceedings of the London Mathematical Society Series 2",
 volume = "42",
 year = "1937",
 pages = "230--265",
}

@book{knuth68art,
 title = "The Art of Computer Programming, Volume 1: Fundamental Algorithms",
 author = "Donald E. Knuth",
 year = "1968",
 publisher = "Addison Wesley",
 edition = "1st",
}

@inproceedings{DBLP:conf/ptw/TerpstraJYD09,
  author    = {Daniel Terpstra \textit{et al}},
  title     = {Collecting Performance Data with {PAPI-C}},
  booktitle = {Tools for High Performance Computing 2009 - Proceedings of the 3rd
               IWPTHPC},
  pages     = {157--173},
  publisher = {Springer},
  year      = {2009},
  url       = {https://doi.org/10.1007/978-3-642-11261-4\_11},
  doi       = {10.1007/978-3-642-11261-4\_11},
  timestamp = {Tue, 29 Dec 2020 18:37:37 +0100},
  biburl    = {https://dblp.org/rec/conf/ptw/TerpstraJYD09.bib},
  bibsource = {dblp computer science bibliography, https://dblp.org}
}

@inproceedings{DBLP:conf/europar/ValatB18,
  author    = {S{\'{e}}bastien Valat and
               Othman Bouizi},
  title     = {NUMAPROF, {A} {NUMA} Memory Profiler},
  booktitle = {Euro-Par},
  series    = {Lecture Notes in Computer Science},
  volume    = {11339},
  pages     = {159--170},
  publisher = {Springer},
  year      = {2018},
  url       = {https://doi.org/10.1007/978-3-030-10549-5\_13},
  doi       = {10.1007/978-3-030-10549-5\_13},
  timestamp = {Fri, 27 Dec 2019 21:26:53 +0100},
  biburl    = {https://dblp.org/rec/conf/europar/ValatB18.bib},
  bibsource = {dblp computer science bibliography, https://dblp.org}
}

@inproceedings{DBLP:conf/usenix/LachaizeLQ12,
  author    = {Renaud Lachaize \textit{et al}},
  title     = {MemProf: {A} Memory Profiler for {NUMA} Multicore Systems},
  booktitle = {{USENIX}},
  pages     = {53--64},
  publisher = {{USENIX} Association},
  year      = {2012},
  url       = {https://www.usenix.org/conference/atc12/technical-sessions/presentation/lachaize},
  timestamp = {Wed, 04 Jul 2018 13:06:34 +0200},
  biburl    = {https://dblp.org/rec/conf/usenix/LachaizeLQ12.bib},
  bibsource = {dblp computer science bibliography, https://dblp.org}
}

@inproceedings{DBLP:conf/europar/ValatB18,
  author    = {S{\'{e}}bastien Valat and
               Othman Bouizi},
  title     = {NUMAPROF, {A} {NUMA} Memory Profiler},
  booktitle = {Euro-Par},
  series    = {Lecture Notes in Computer Science},
  volume    = {11339},
  pages     = {159--170},
  publisher = {Springer},
  year      = {2018},
  url       = {https://doi.org/10.1007/978-3-030-10549-5\_13},
  doi       = {10.1007/978-3-030-10549-5\_13},
  timestamp = {Fri, 27 Dec 2019 21:26:53 +0100},
  biburl    = {https://dblp.org/rec/conf/europar/ValatB18.bib},
  bibsource = {dblp computer science bibliography, https://dblp.org}
}

@misc{AMDuProf6:online,
author = {},
title = {AMD μProf - AMD},
howpublished = {\url{https://developer.amd.com/amd-uprof/}},
month = {},
year = {},
note = {(Accessed on 01/17/2021)}
}

@misc{FixPerfo58:online,
author = {},
title = {Fix Performance Bottlenecks with Intel® VTune™ Profiler},
howpublished = {\url{https://software.intel.com/content/www/us/en/develop/tools/oneapi/components/vtune-profiler.html}},
month = {},
year = {},
note = {(Accessed on 01/17/2021)}
}

@inproceedings{DBLP:conf/ptw/TerpstraJYD09,
  author    = {Daniel Terpstra \textit{et al}},
  title     = {Collecting Performance Data with {PAPI-C}},
  booktitle = {Tools for High Performance Computing 2009 - Proceedings of the 3rd
               International Workshop on Parallel Tools for High Performance Computing},
  pages     = {157--173},
  publisher = {Springer},
  year      = {2009},
  url       = {https://doi.org/10.1007/978-3-642-11261-4\_11},
  doi       = {10.1007/978-3-642-11261-4\_11},
  timestamp = {Tue, 29 Dec 2020 18:37:37 +0100},
  biburl    = {https://dblp.org/rec/conf/ptw/TerpstraJYD09.bib},
  bibsource = {dblp computer science bibliography, https://dblp.org}
}

@inproceedings{Voron:2017:IIN:3064176.3064196,
 OPTauthor = {Voron, G \textit{et al}},
 author = {Voron~\tit{et al}, G.},
 title = {{An Interface to Implement NUMA Policies in the Xen Hypervisor}},
 booktitle = {European Conference on Computer Systems (EuroSys'17)},
 OPTseries = {EuroSys '17},
 year = {2017},
 isbn = {978-1-4503-4938-3},
 OPTlocation = {Belgrade, Serbia},
 pages = {453--467},
 numpages = {15},
 url = {http://doi.acm.org/10.1145/3064176.3064196},
 doi = {10.1145/3064176.3064196},
 acmid = {3064196},
 publisher = {ACM},
 OPTaddress = {New York, NY, USA},
}


@inproceedings{DBLP:conf/pldi/Alnowaiser14,
  author    = {Khaled Alnowaiser},
  title     = {A study of connected object locality in {NUMA} heaps},
  booktitle = {Proceedings of the workshop on MSPC},
  pages     = {1:1--1:9},
  publisher = {{ACM}},
  year      = {2014},
  url       = {https://doi.org/10.1145/2618128.2618132},
  doi       = {10.1145/2618128.2618132},
  timestamp = {Tue, 06 Nov 2018 16:59:30 +0100},
  biburl    = {https://dblp.org/rec/conf/pldi/Alnowaiser14.bib},
  bibsource = {dblp computer science bibliography, https://dblp.org}
}

@inproceedings{DBLP:conf/asplos/Gidra0SSN15,
  author    = {Lokesh Gidra \textit{et al}},
  title     = {NumaGiC: a Garbage Collector for Big Data on Big {NUMA} Machines},
  booktitle = {Proceedings of the Twentieth ICASPLOS},
  pages     = {661--673},
  publisher = {{ACM}},
  year      = {2015},
  url       = {https://doi.org/10.1145/2694344.2694361},
  doi       = {10.1145/2694344.2694361},
  timestamp = {Tue, 06 Nov 2018 11:07:42 +0100},
  biburl    = {https://dblp.org/rec/conf/asplos/Gidra0SSN15.bib},
  bibsource = {dblp computer science bibliography, https://dblp.org}
}

@inproceedings{DBLP:conf/lcpc/AlnowaiserS15,
  author    = {Khaled Alnowaiser and
               Jeremy Singer},
  title     = {Topology-Aware Parallelism for {NUMA} Copying Collectors},
  booktitle = {LCPC},
  series    = {Lecture Notes in Computer Science},
  volume    = {9519},
  pages     = {191--205},
  publisher = {Springer},
  year      = {2015},
  url       = {https://doi.org/10.1007/978-3-319-29778-1\_12},
  doi       = {10.1007/978-3-319-29778-1\_12},
  timestamp = {Tue, 14 May 2019 10:00:47 +0200},
  biburl    = {https://dblp.org/rec/conf/lcpc/AlnowaiserS15.bib},
  bibsource = {dblp computer science bibliography, https://dblp.org}
}

@inproceedings{DBLP:conf/ipps/TikirH05,
  author    = {Mustafa M. Tikir and
               Jeffrey K. Hollingsworth},
  title     = {NUMA-Aware Java Heaps for Server Applications},
  booktitle = {19th {IPDPS}},
  publisher = {{IEEE} Computer Society},
  year      = {2005},
  url       = {https://doi.org/10.1109/IPDPS.2005.299},
  doi       = {10.1109/IPDPS.2005.299},
  timestamp = {Wed, 16 Oct 2019 14:14:51 +0200},
  biburl    = {https://dblp.org/rec/conf/ipps/TikirH05.bib},
  bibsource = {dblp computer science bibliography, https://dblp.org}
}


@article{kumar2017programming,
  title={Programming languages: A survey},
  author={Kumar, Krishan and Dahiya, Sonal},
  journal={International Journal on RITCC},
  volume={5},
  number={5},
  pages={307--313},
  year={2017}
}
@article{DBLP:journals/queue/Lameter13,
  author    = {Christoph Lameter},
  title     = {{NUMA} (Non-Uniform Memory Access): An Overview},
  journal   = {{ACM} Queue},
  volume    = {11},
  number    = {7},
  pages     = {40},
  year      = {2013},
  url       = {https://doi.org/10.1145/2508834.2513149},
  doi       = {10.1145/2508834.2513149},
  timestamp = {Tue, 06 Nov 2018 12:51:55 +0100},
  biburl    = {https://dblp.org/rec/journals/queue/Lameter13.bib},
  bibsource = {dblp computer science bibliography, https://dblp.org}
}
@inproceedings{DBLP:conf/asplos/Gidra0SSN15,
  author    = {Lokesh Gidra \textit{et al}},
  title     = {NumaGiC: a Garbage Collector for Big Data on Big {NUMA} Machines},
  booktitle = {Proceedings of the Twentieth ICASPLOS},
  pages     = {661--673},
  publisher = {{ACM}},
  year      = {2015},
  url       = {https://doi.org/10.1145/2694344.2694361},
  doi       = {10.1145/2694344.2694361},
  timestamp = {Tue, 06 Nov 2018 11:07:42 +0100},
  biburl    = {https://dblp.org/rec/conf/asplos/Gidra0SSN15.bib},
  bibsource = {dblp computer science bibliography, https://dblp.org}
}

@article{DBLP:journals/tpds/LaRoweEH92,
  author    = {Richard P \textit{et al}},
  title     = {Evaluation of {NUMA} Memory Management Through Modeling and Measurements},
  journal   = {{IEEE} Trans. Parallel Distributed Syst.},
  volume    = {3},
  number    = {6},
  pages     = {686--701},
  year      = {1992},
  url       = {https://doi.org/10.1109/71.180624},
  doi       = {10.1109/71.180624},
  timestamp = {Fri, 02 Oct 2020 14:39:37 +0200},
  biburl    = {https://dblp.org/rec/journals/tpds/LaRoweEH92.bib},
  bibsource = {dblp computer science bibliography, https://dblp.org}
}

@article{motlagh2000performance,
  title={Performance of Scalable Shared-Memory Architectures},
  author={Motlagh \textit{et al}},
  journal={Journal of Circuits, Systems, and Computers},
  volume={10},
  number={01n02},
  pages={1--22},
  year={2000},
  publisher={World Scientific}
}

@misc{PerfWiki60:online,
author = {},
title = {Perf Wiki},
howpublished = {\url{https://perf.wiki.kernel.org/index.php/Main_Page}},
month = {},
year = {},
note = {(Accessed on 01/17/2021)}
}

@inproceedings{DBLP:conf/apsec/KhanforY17,
  author    = {Abdullah Khanfor and
               Ye Yang},
  title     = {An Overview of Practical Impacts of Functional Programming},
  booktitle = {24th {APSEC}},
  pages     = {50--54},
  publisher = {{IEEE}},
  year      = {2017},
  url       = {https://doi.org/10.1109/APSECW.2017.27},
  doi       = {10.1109/APSECW.2017.27},
  timestamp = {Wed, 16 Oct 2019 14:14:50 +0200},
  biburl    = {https://dblp.org/rec/conf/apsec/KhanforY17.bib},
  bibsource = {dblp computer science bibliography, https://dblp.org}
}

@article{DBLP:journals/concurrency/NystromTK08,
  author    = {Jan Henry Nystr{\"{o}}m \textit{et al}},
  title     = {High-level distribution for the rapid production of robust telecoms
               software: comparing {C++} and {ERLANG}},
  journal   = {Concurr. Comput. Pract. Exp.},
  volume    = {20},
  number    = {8},
  pages     = {941--968},
  year      = {2008},
  url       = {https://doi.org/10.1002/cpe.1223},
  doi       = {10.1002/cpe.1223},
  timestamp = {Mon, 02 Mar 2020 17:21:11 +0100},
  biburl    = {https://dblp.org/rec/journals/concurrency/NystromTK08.bib},
  bibsource = {dblp computer science bibliography, https://dblp.org}
}


@inproceedings{DBLP:conf/sac/ValkovCT18,
  author    = {Ivan Valkov \textit{et al}},
  title     = {Comparing languages for engineering server software: erlang, go, and
               scala with akka},
  booktitle = {Proceedings of the 33rd Annual {ACM} SAC},
  pages     = {218--225},
  publisher = {{ACM}},
  year      = {2018},
  url       = {https://doi.org/10.1145/3167132.3167144},
  doi       = {10.1145/3167132.3167144},
  timestamp = {Wed, 25 Sep 2019 18:12:13 +0200},
  biburl    = {https://dblp.org/rec/conf/sac/ValkovCT18.bib},
  bibsource = {dblp computer science bibliography, https://dblp.org}
}

@misc{The10Mos51:online,
author = {},
title = {The 10 Most Popular Programming Languages to Learn in 2020},
howpublished = {\url{https://www.northeastern.edu/graduate/blog/most-popular-programming-languages/}},
month = {},
year = {},
note = {(Accessed on 11/01/2020)}
}

@inproceedings{DBLP:conf/iwmm/MajoG11,
  author    = {Zoltan Majo and
               Thomas R. Gross},
  title     = {Memory management in {NUMA} multicore systems: trapped between cache
               contention and interconnect overhead},
  booktitle = {Proceedings of the 10th ISMM},
  pages     = {11--20},
  publisher = {{ACM}},
  year      = {2011},
  url       = {https://doi.org/10.1145/1993478.1993481},
  doi       = {10.1145/1993478.1993481},
  timestamp = {Tue, 06 Nov 2018 16:58:57 +0100},
  biburl    = {https://dblp.org/rec/conf/iwmm/MajoG11.bib},
  bibsource = {dblp computer science bibliography, https://dblp.org}
}

@inproceedings{DBLP:conf/oopsla/Kell17,
  author    = {Stephen Kell},
  title     = {Some were meant for {C:} the endurance of an unmanageable language},
  booktitle = {Proceedings of the 2017 {ACM} {SIGPLAN} ISNINPRPS},
  pages     = {229--245},
  publisher = {{ACM}},
  year      = {2017},
  url       = {https://doi.org/10.1145/3133850.3133867},
  doi       = {10.1145/3133850.3133867},
  timestamp = {Tue, 06 Nov 2018 16:57:16 +0100},
  biburl    = {https://dblp.org/rec/conf/oopsla/Kell17.bib},
  bibsource = {dblp computer science bibliography, https://dblp.org}
}

@inproceedings{DBLP:conf/ispass/WuM11,
  author    = {Carole{-}Jean Wu and
               Margaret Martonosi},
  title     = {Characterization and dynamic mitigation of intra-application cache
               interference},
  booktitle = {{IEEE} ISPASS},
  pages     = {2--11},
  publisher = {{IEEE} Computer Society},
  year      = {2011},
  url       = {https://doi.org/10.1109/ISPASS.2011.5762710},
  doi       = {10.1109/ISPASS.2011.5762710},
  timestamp = {Wed, 16 Oct 2019 14:14:56 +0200},
  biburl    = {https://dblp.org/rec/conf/ispass/WuM11.bib},
  bibsource = {dblp computer science bibliography, https://dblp.org}
}

@inproceedings{DBLP:conf/ics/BarreraMALVC18,
  author    = {Isaac {S{\\'{a}}nchez Barrera} \textit{et al}},
  title     = {Reducing Data Movement on Large Shared Memory Systems by Exploiting
               Computation Dependencies},
  booktitle = {Proceedings of the 32nd ICS},
  pages     = {207--217},
  publisher = {{ACM}},
  year      = {2018},
  url       = {https://doi.org/10.1145/3205289.3205310},
  doi       = {10.1145/3205289.3205310},
  timestamp = {Sat, 19 Oct 2019 20:24:25 +0200},
  biburl    = {https://dblp.org/rec/conf/ics/BarreraMALVC18.bib},
  bibsource = {dblp computer science bibliography, https://dblp.org}
}

@article{DBLP:journals/ijpp/BroquedisFGWN10,
  author    = {Fran{\c{c}}ois Broquedis \textit{et al}},
  title     = {ForestGOMP: An Efficient OpenMP Environment for {NUMA} Architectures},
  journal   = {Int. J. Parallel Program.},
  volume    = {38},
  number    = {5-6},
  pages     = {418--439},
  year      = {2010},
  url       = {https://doi.org/10.1007/s10766-010-0136-3},
  doi       = {10.1007/s10766-010-0136-3},
  timestamp = {Mon, 26 Oct 2020 09:03:42 +0100},
  biburl    = {https://dblp.org/rec/journals/ijpp/BroquedisFGWN10.bib},
  bibsource = {dblp computer science bibliography, https://dblp.org}
}

@inproceedings{DBLP:conf/pppj/PapadakisZFK20,
  author    = {Orion Papadakis \textit{et al}},
  title     = {You can't hide you can't run: a performance assessment of managed
               applications on a {NUMA} machine},
  booktitle = {{MPLR} '20: 17th International Conference on MPLR},
  pages     = {80--88},
  publisher = {{ACM}},
  year      = {2020},
  url       = {https://doi.org/10.1145/3426182.3426189},
  doi       = {10.1145/3426182.3426189},
  timestamp = {Thu, 05 Nov 2020 15:04:40 +0100},
  biburl    = {https://dblp.org/rec/conf/pppj/PapadakisZFK20.bib},
  bibsource = {dblp computer science bibliography, https://dblp.org}
}

@inproceedings{DBLP:conf/hpca/TangMZHHT13,
  author    = {Lingjia Tang \textit{et al}},
  title     = {Optimizing Google's warehouse scale computers: The {NUMA} experience},
  booktitle = {19th {IEEE} ISHPCA},
  pages     = {188--197},
  publisher = {{IEEE} Computer Society},
  year      = {2013},
  url       = {https://doi.org/10.1109/HPCA.2013.6522318},
  doi       = {10.1109/HPCA.2013.6522318},
  timestamp = {Wed, 16 Oct 2019 14:14:50 +0200},
  biburl    = {https://dblp.org/rec/conf/hpca/TangMZHHT13.bib},
  bibsource = {dblp computer science bibliography, https://dblp.org}
}

@inproceedings{DBLP:conf/pldi/Alnowaiser14,
  author    = {Khaled Alnowaiser},
  title     = {A study of connected object locality in {NUMA} heaps},
  booktitle = {Proceedings of the workshop on MSPC},
  pages     = {1:1--1:9},
  publisher = {{ACM}},
  year      = {2014},
  url       = {https://doi.org/10.1145/2618128.2618132},
  doi       = {10.1145/2618128.2618132},
  timestamp = {Tue, 06 Nov 2018 16:59:30 +0100},
  biburl    = {https://dblp.org/rec/conf/pldi/Alnowaiser14.bib},
  bibsource = {dblp computer science bibliography, https://dblp.org}
}

@inproceedings{DBLP:conf/lcpc/AlnowaiserS15,
  author    = {Khaled Alnowaiser and
               Jeremy Singer},
  title     = {Topology-Aware Parallelism for {NUMA} Copying Collectors},
  booktitle = {LCPC - 28th International Workshop},
  series    = {Lecture Notes in Computer Science},
  volume    = {9519},
  pages     = {191--205},
  publisher = {Springer},
  year      = {2015},
  url       = {https://doi.org/10.1007/978-3-319-29778-1\_12},
  doi       = {10.1007/978-3-319-29778-1\_12},
  biburl    = {https://dblp.org/rec/conf/lcpc/AlnowaiserS15.bib},
  bibsource = {dblp computer science bibliography, https://dblp.org}
}

@inproceedings{DBLP:conf/sfp/AljabriLT14,
  author    = {Malak Saleh Aljabri \textit{et al}},
  title     = {Balancing Shared and Distributed Heaps on {NUMA} Architectures},
  booktitle = {TFP - 15th International Symposium},
  series    = {Lecture Notes in Computer Science},
  volume    = {8843},
  pages     = {1--17},
  publisher = {Springer},
  year      = {2014},
  url       = {https://doi.org/10.1007/978-3-319-14675-1\_1},
  doi       = {10.1007/978-3-319-14675-1\_1},
  timestamp = {Tue, 14 May 2019 10:00:44 +0200},
  biburl    = {https://dblp.org/rec/conf/sfp/AljabriLT14.bib},
  bibsource = {dblp computer science bibliography, https://dblp.org}
}

@phdthesis{DBLP:phd/ethos/Aljabri15,
  author    = {Malak Saleh Aljabri},
  title     = {{GUMSMP} : a scalable parallel Haskell implementation},
  school    = {University of Glasgow, {UK}},
  year      = {2015},
  url       = {http://theses.gla.ac.uk/6822/},
  timestamp = {Fri, 28 Oct 2016 15:58:58 +0200},
  biburl    = {https://dblp.org/rec/phd/ethos/Aljabri15.bib},
  bibsource = {dblp computer science bibliography, https://dblp.org}
}

@inproceedings{DBLP:conf/pldi/AuhagenBFR11,
  author    = {Sven Auhagen \textit{et al}},
  title     = {Garbage collection for multicore {NUMA} machines},
  booktitle = {Proceedings of the 2011 {ACM} {SIGPLAN} workshop on MSPC held in conjunction with {PLDI}},
  pages     = {51--57},
  publisher = {{ACM}},
  year      = {2011},
  url       = {https://doi.org/10.1145/1988915.1988929},
  doi       = {10.1145/1988915.1988929},
  timestamp = {Tue, 06 Nov 2018 16:59:30 +0100},
  biburl    = {https://dblp.org/rec/conf/pldi/AuhagenBFR11.bib},
  bibsource = {dblp computer science bibliography, https://dblp.org}
}

@misc{Haskelli21:online,
author = {},
title = {Haskell in industry - HaskellWiki},
howpublished = {\url{https://wiki.haskell.org/Haskell_in_industry}},
month = {},
year = {},
note = {(Accessed on 03/10/2021)}
}

@misc{moore1965cramming,
  title={Cramming more components onto integrated circuits},
  author={Moore, Gordon E and others},
  year={1965},
  publisher={McGraw-Hill New York, NY, USA:}
}

@inproceedings{DBLP:conf/fp/Partain92,
  author    = {Will Partain},
  title     = {The nofib Benchmark Suite of Haskell Programs},
  booktitle = {Functional Programming, Glasgow 1992, Proceedings of the 1992 GWFP},
  series    = {Workshops in Computing},
  pages     = {195--202},
  publisher = {Springer},
  year      = {1992},
  url       = {https://doi.org/10.1007/978-1-4471-3215-8\_17},
  doi       = {10.1007/978-1-4471-3215-8\_17},
  timestamp = {Fri, 21 Jun 2019 13:08:59 +0200},
  biburl    = {https://dblp.org/rec/conf/fp/Partain92.bib},
  bibsource = {dblp computer science bibliography, https://dblp.org}
}

@inproceedings{DBLP:conf/oopsla/KaliberaMJV12,
  author    = {Tomas Kalibera \textit{et al}},
  title     = {A black-box approach to understanding concurrency in DaCapo},
  booktitle = {Proceedings of the 27th Annual {ACM} {SIGPLAN} Conference on OOPSLA},
  pages     = {335--354},
  publisher = {{ACM}},
  year      = {2012},
  url       = {https://doi.org/10.1145/2384616.2384641},
  doi       = {10.1145/2384616.2384641},
  timestamp = {Tue, 06 Nov 2018 16:57:16 +0100},
  biburl    = {https://dblp.org/rec/conf/oopsla/KaliberaMJV12.bib},
  bibsource = {dblp computer science bibliography, https://dblp.org}
}

@inproceedings{DBLP:conf/pldi/ProkopecRLD0SBZ19,
  author    = {Aleksandar Prokopec \textit{et al}},
  title     = {Renaissance: benchmarking suite for parallel applications on the {JVM}},
  booktitle = {Proceedings of the 40th {ACM} {SIGPLAN} Conference on PLDI},
  pages     = {31--47},
  publisher = {{ACM}},
  year      = {2019},
  url       = {https://doi.org/10.1145/3314221.3314637},
  doi       = {10.1145/3314221.3314637},
  timestamp = {Fri, 27 Mar 2020 08:49:20 +0100},
  biburl    = {https://dblp.org/rec/conf/pldi/ProkopecRLD0SBZ19.bib},
  bibsource = {dblp computer science bibliography, https://dblp.org}
}

@article{DBLP:journals/sigmetrics/SuLNGCS12,
  author    = {Chun{-}Yi Su \textit{et al}},
  title     = {Critical path-based thread placement for {NUMA} systems},
  journal   = {{SIGMETRICS} Perform. Evaluation Rev.},
  volume    = {40},
  number    = {2},
  pages     = {106--112},
  year      = {2012},
  url       = {https://doi.org/10.1145/2381056.2381079},
  doi       = {10.1145/2381056.2381079},
  timestamp = {Sat, 25 Apr 2020 13:46:29 +0200},
  biburl    = {https://dblp.org/rec/journals/sigmetrics/SuLNGCS12.bib},
  bibsource = {dblp computer science bibliography, https://dblp.org}
}

@article{DBLP:journals/cacm/Hoare78,
  author    = {C. A. R. Hoare},
  title     = {Communicating Sequential Processes},
  journal   = {Commun. {ACM}},
  volume    = {21},
  number    = {8},
  pages     = {666--677},
  year      = {1978},
  url       = {https://doi.org/10.1145/359576.359585},
  doi       = {10.1145/359576.359585},
  timestamp = {Wed, 14 Nov 2018 10:22:33 +0100},
  biburl    = {https://dblp.org/rec/journals/cacm/Hoare78.bib},
  bibsource = {dblp computer science bibliography, https://dblp.org}
}

@inproceedings{DBLP:conf/sac/ValkovCT18,
  author    = {Ivan Valkov \textit{et al}},
  title     = {Comparing languages for engineering server software: erlang, go, and
               scala with akka},
  booktitle = {Proceedings of the 33rd Annual {ACM} SAC},
  pages     = {218--225},
  publisher = {{ACM}},
  year      = {2018},
  url       = {https://doi.org/10.1145/3167132.3167144},
  doi       = {10.1145/3167132.3167144},
  timestamp = {Wed, 25 Sep 2019 18:12:13 +0200},
  biburl    = {https://dblp.org/rec/conf/sac/ValkovCT18.bib},
  bibsource = {dblp computer science bibliography, https://dblp.org}
}

@inproceedings{Voron:2017:IIN:3064176.3064196,
 OPTauthor = {Voron, G. \textit{et al}},
 author = {Voron~\tit{et al}, G.},
 title = {{An Interface to Implement NUMA Policies in the Xen Hypervisor}},
 booktitle = {European Conference on Computer Systems (EuroSys'17)},
 OPTseries = {EuroSys '17},
 year = {2017},
 isbn = {978-1-4503-4938-3},
 OPTlocation = {Belgrade, Serbia},
 pages = {453--467},
 numpages = {15},
 url = {http://doi.acm.org/10.1145/3064176.3064196},
 doi = {10.1145/3064176.3064196},
 acmid = {3064196},
 publisher = {ACM},
 OPTaddress = {New York, NY, USA},
}

@inproceedings{DBLP:conf/oopsla/ValatCJ17,
  author    = {S{\'{e}}bastien Valat \textit{et al}},
  title     = {{MALT:} a Malloc tracker},
  booktitle = {Proceedings of the 4th {ACM} {SIGPLAN} IWSEPS},
  pages     = {1--10},
  publisher = {{ACM}},
  year      = {2017},
  url       = {https://doi.org/10.1145/3141865.3141867},
  doi       = {10.1145/3141865.3141867},
  timestamp = {Tue, 06 Nov 2018 16:57:15 +0100},
  biburl    = {https://dblp.org/rec/conf/oopsla/ValatCJ17.bib},
  bibsource = {dblp computer science bibliography, https://dblp.org}
}

@misc{57Runnin15:online,
author = {},
title = {5.7. Running a compiled program — Glasgow Haskell Compiler 9.0.1 User's Guide},
howpublished = {\url{https://downloads.haskell.org/~ghc/latest/docs/html/users_guide/runtime_control.html#rts-options-to-control-the-garbage-collector}},
month = {},
year = {},
note = {(Accessed on 03/17/2021)}
}

@inproceedings{DBLP:conf/pldi/LukCMPKLWRH05,
  author    = {Chi{-}Keung Luk \textit{et al}},
  title     = {Pin: building customized program analysis tools with dynamic instrumentation},
  booktitle = {Proceedings of the {ACM} {SIGPLAN} 2005 Conference on PLDI},
  pages     = {190--200},
  publisher = {{ACM}},
  year      = {2005},
  url       = {https://doi.org/10.1145/1065010.1065034},
  doi       = {10.1145/1065010.1065034},
  timestamp = {Tue, 06 Nov 2018 16:59:30 +0100},
  biburl    = {https://dblp.org/rec/conf/pldi/LukCMPKLWRH05.bib},
  bibsource = {dblp computer science bibliography, https://dblp.org}
}

@inproceedings{DBLP:conf/ppopp/LiuM14,
  author    = {Xu Liu and
               John M. Mellor{-}Crummey},
  title     = {A tool to analyze the performance of multithreaded programs on {NUMA}
               architectures},
  booktitle = {{ACM} {SIGPLAN} Symposium on Principles and Practice of Parallel Programming},
  pages     = {259--272},
  publisher = {{ACM}},
  year      = {2014},
  url       = {https://doi.org/10.1145/2555243.2555271},
  doi       = {10.1145/2555243.2555271},
  timestamp = {Tue, 06 Nov 2018 16:57:27 +0100},
  biburl    = {https://dblp.org/rec/conf/ppopp/LiuM14.bib},
  bibsource = {dblp computer science bibliography, https://dblp.org}
}

@inproceedings{DBLP:conf/asplos/Shapiro06,
  author    = {Jonathan Shapiro},
  title     = {Programming language challenges in systems codes: why systems programmers
               still use C, and what to do about it},
  booktitle = {Proceedings of the 3rd Workshop on PLOSLSMOS},
  pages     = {9},
  publisher = {{ACM}},
  year      = {2006},
  url       = {https://doi.org/10.1145/1215995.1216004},
  doi       = {10.1145/1215995.1216004},
  timestamp = {Tue, 06 Nov 2018 11:07:41 +0100},
  biburl    = {https://dblp.org/rec/conf/asplos/Shapiro06.bib},
  bibsource = {dblp computer science bibliography, https://dblp.org}
}

@inproceedings{DBLP:conf/iwmm/MajoG11,
  author    = {Zoltan Majo and
               Thomas R. Gross},
  title     = {Memory management in {NUMA} multicore systems: trapped between cache contention and interconnect overhead},
  booktitle = {ISMM},
  pages     = {11--20},
  publisher = {{ACM}},
  year      = {2011},
  url       = {https://doi.org/10.1145/1993478.1993481},
  doi       = {10.1145/1993478.1993481},
  timestamp = {Tue, 06 Nov 2018 16:58:57 +0100},
  biburl    = {https://dblp.org/rec/conf/iwmm/MajoG11.bib},
  bibsource = {dblp computer science bibliography, https://dblp.org}
}

@inproceedings{DBLP:conf/fp/Partain92,
  author    = {Will Partain},
  title     = {The nofib Benchmark Suite of Haskell Programs},
  booktitle = {Functional Programming, 1992, GWFP},
  series    = {Workshops in Computing},
  pages     = {195--202},
  publisher = {Springer},
  year      = {1992},
  url       = {https://doi.org/10.1007/978-1-4471-3215-8\_17},
  doi       = {10.1007/978-1-4471-3215-8\_17},
  timestamp = {Fri, 21 Jun 2019 13:08:59 +0200},
  biburl    = {https://dblp.org/rec/conf/fp/Partain92.bib},
  bibsource = {dblp computer science bibliography, https://dblp.org}
}

@article{DBLP:journals/corr/abs-2102-05204,
  author    = {Xin Zhao \textit{et al}},
  title     = {NumaPerf: Predictive and Full {NUMA} Profiling},
  journal   = {CoRR},
  volume    = {abs/2102.05204},
  year      = {2021},
  url       = {https://arxiv.org/abs/2102.05204},
  archivePrefix = {arXiv},
  eprint    = {2102.05204},
  timestamp = {Thu, 18 Feb 2021 15:26:00 +0100},
  biburl    = {https://dblp.org/rec/journals/corr/abs-2102-05204.bib},
  bibsource = {dblp computer science bibliography, https://dblp.org}
}

@article{DBLP:journals/csur/BrunoF18,
  author    = {Rodrigo Bruno and
               Paulo Ferreira},
  title     = {A Study on Garbage Collection Algorithms for Big Data Environments},
  journal   = {{ACM} Comput. Surv.},
  volume    = {51},
  number    = {1},
  pages     = {20:1--20:35},
  year      = {2018},
  url       = {https://doi.org/10.1145/3156818},
  doi       = {10.1145/3156818},
  timestamp = {Fri, 27 Mar 2020 08:39:07 +0100},
  biburl    = {https://dblp.org/rec/journals/csur/BrunoF18.bib},
  bibsource = {dblp computer science bibliography, https://dblp.org}
}
@article{DBLP:journals/sigops/GidraTSS11,
  author    = {Lokesh Gidra \textit{et al}},
  title     = {Assessing the scalability of garbage collectors on many cores},
  journal   = {{ACM} {SIGOPS} Oper. Syst. Rev.},
  volume    = {45},
  number    = {3},
  pages     = {15--19},
  year      = {2011},
  url       = {https://doi.org/10.1145/2094091.2094096},
  doi       = {10.1145/2094091.2094096},
  timestamp = {Tue, 14 Jul 2020 14:25:48 +0200},
  biburl    = {https://dblp.org/rec/journals/sigops/GidraTSS11.bib},
  bibsource = {dblp computer science bibliography, https://dblp.org}
}

@inproceedings{DBLP:conf/asplos/Gidra0SS13,
  author    = {Lokesh Gidra \textit{et al}},
  title     = {A study of the scalability of stop-the-world garbage collectors on
               multicores},
  booktitle = {ASPLOS},
  pages     = {229--240},
  publisher = {{ACM}},
  year      = {2013},
  url       = {https://doi.org/10.1145/2451116.2451142},
  doi       = {10.1145/2451116.2451142},
  timestamp = {Thu, 11 Mar 2021 17:04:51 +0100},
  biburl    = {https://dblp.org/rec/conf/asplos/Gidra0SS13.bib},
  bibsource = {dblp computer science bibliography, https://dblp.org}
}

@inproceedings{DBLP:conf/otm/PatricioBSFV17,
  author    = {Duarte Patr{\'{\i}}cio \textit{et al}},
  title     = {Locality-Aware {GC} Optimisations for Big Data Workloads},
  booktitle = {On the Move to Meaningful Internet Systems. {OTM} 2017 CoopIS, C{\&}TC, and
               {ODBASE} 2017},
  series    = {Lecture Notes in Computer Science},
  volume    = {10574},
  pages     = {50--67},
  publisher = {Springer},
  year      = {2017},
  url       = {https://doi.org/10.1007/978-3-319-69459-7\_4},
  doi       = {10.1007/978-3-319-69459-7\_4},
  timestamp = {Fri, 27 Dec 2019 21:26:49 +0100},
  biburl    = {https://dblp.org/rec/conf/otm/PatricioBSFV17.bib},
  bibsource = {dblp computer science bibliography, https://dblp.org}
}

@inproceedings{DBLP:conf/oopsla/KaliberaMJV12,
  author    = {Tomas Kalibera \textit{et al}},
  title     = {A black-box approach to understanding concurrency in DaCapo},
  booktitle = {Proceedings of the 27th Annual {ACM} {SIGPLAN} OOPSLA},
  pages     = {335--354},
  publisher = {{ACM}},
  year      = {2012},
  url       = {https://doi.org/10.1145/2384616.2384641},
  doi       = {10.1145/2384616.2384641},
  timestamp = {Tue, 06 Nov 2018 16:57:16 +0100},
  biburl    = {https://dblp.org/rec/conf/oopsla/KaliberaMJV12.bib},
  bibsource = {dblp computer science bibliography, https://dblp.org}
}

@inproceedings{DBLP:conf/wosp/LengauerBMW17,
  author    = {Philipp Lengauer \textit{et al}},
  title     = {A Comprehensive Java Benchmark Study on Memory and Garbage Collection
               Behavior of DaCapo, DaCapo Scala, and SPECjvm2008},
  booktitle = {Proceedings of the 8th {ACM/SPEC} on ICPE},
  pages     = {3--14},
  publisher = {{ACM}},
  year      = {2017},
  url       = {https://doi.org/10.1145/3030207.3030211},
  doi       = {10.1145/3030207.3030211},
  timestamp = {Sun, 25 Oct 2020 22:36:34 +0100},
  biburl    = {https://dblp.org/rec/conf/wosp/LengauerBMW17.bib},
  bibsource = {dblp computer science bibliography, https://dblp.org}
}

@inproceedings{DBLP:conf/iwmm/MajoG11,
  author    = {Zoltan Majo and
               Thomas R. Gross},
  title     = {Memory management in {NUMA} multicore systems: trapped between cache
               contention and interconnect overhead},
  booktitle = {Proceedings of the 10th ISMM},
  pages     = {11--20},
  publisher = {{ACM}},
  year      = {2011},
  url       = {https://doi.org/10.1145/1993478.1993481},
  doi       = {10.1145/1993478.1993481},
  timestamp = {Tue, 06 Nov 2018 16:58:57 +0100},
  biburl    = {https://dblp.org/rec/conf/iwmm/MajoG11.bib},
  bibsource = {dblp computer science bibliography, https://dblp.org}
}


@article{church1932set,
  title={A set of postulates for the foundation of logic},
  author={Church, Alonzo},
  journal={Annals of mathematics},
  pages={346--366},
  year={1932},
  publisher={JSTOR}
}

@inproceedings{DBLP:conf/usenix/LachaizeLQ12,
  author    = {Renaud Lachaize \textit{et al}},
  title     = {MemProf: {A} Memory Profiler for {NUMA} Multicore Systems},
  booktitle = {2012 {USENIX} Annual Technical Conference},
  pages     = {53--64},
  publisher = {{USENIX} Association},
  year      = {2012},
  url       = {https://www.usenix.org/conference/atc12/technical-sessions/presentation/lachaize},
  timestamp = {Mon, 01 Feb 2021 08:43:32 +0100},
  biburl    = {https://dblp.org/rec/conf/usenix/LachaizeLQ12.bib},
  bibsource = {dblp computer science bibliography, https://dblp.org}
}

@article{drongowski2007instruction,
  title={Instruction-based sampling: A new performance analysis technique for AMD family 10h processors},
  author={Drongowski, Paul J},
  journal={Advanced Micro Devices},
  year={2007}
}

@article{marlow2010haskell,
  title={Haskell 2010 language report},
  author={Marlow, Simon and others},
  journal={Available online http://www. haskell. org/(May 2011)},
  year={2010}
}

@inproceedings{DBLP:conf/haskell/MarlowMLAT10,
  author    = {Simon Marlow \textit{et al}},
  title     = {Seq no more: better strategies for parallel Haskell},
  booktitle = {Proceedings of the 3rd {ACM} {SIGPLAN} SoH},
  pages     = {91--102},
  publisher = {{ACM}},
  year      = {2010},
  url       = {https://doi.org/10.1145/1863523.1863535},
  doi       = {10.1145/1863523.1863535},
  timestamp = {Tue, 06 Nov 2018 16:58:22 +0100},
  biburl    = {https://dblp.org/rec/conf/haskell/MarlowMLAT10.bib},
  bibsource = {dblp computer science bibliography, https://dblp.org}
}
